<?xml version="1.0" encoding="UTF-8"?><record xmlns="http://www.loc.gov/MARC21/slim" xmlns:cinclude="http://apache.org/cocoon/include/1.0" xmlns:zs="http://www.loc.gov/zing/srw/">
  <leader>00676cz  a2200193n  4500</leader>
  <controlfield tag="001">n  89280082 </controlfield>
  <controlfield tag="003">DLC</controlfield>
  <controlfield tag="005">20040402144934.0</controlfield>
  <controlfield tag="008">950809n| acannaab           |a aaa      </controlfield>
  <datafield tag="010" ind1=" " ind2=" ">
    <subfield code="a">n  89280082 </subfield>
    <subfield code="z">n 2001119313</subfield>
  </datafield>
  <datafield tag="040" ind1=" " ind2=" ">
    <subfield code="a">DLC</subfield>
    <subfield code="c">DLC</subfield>
    <subfield code="d">DLC</subfield>
  </datafield>
  <datafield tag="100" ind1="1" ind2=" ">
    <subfield code="a">Paṇḍyā, Alpā Kauśika</subfield>
  </datafield>
  <datafield tag="400" ind1="0" ind2=" ">
    <subfield code="a">Alpā Kauśika Paṇḍyā</subfield>
  </datafield>
  <datafield tag="400" ind1="1" ind2=" ">
    <subfield code="a">Pandaya, Alpa Kaushik</subfield>
  </datafield>
  <datafield tag="400" ind1="0" ind2=" ">
    <subfield code="a">Alpa Kaushik Pandaya</subfield>
  </datafield>
  <datafield tag="400" ind1="0" ind2=" ">
    <subfield code="a">Alpa Pandya</subfield>
  </datafield>
  <datafield tag="400" ind1="1" ind2=" ">
    <subfield code="a">Pandya, Alpa</subfield>
  </datafield>
  <datafield tag="670" ind1=" " ind2=" ">
    <subfield code="a">Antara mārgadarśikā, Bhārata-Gujarāta, 1994:</subfield>
    <subfield code="b">t.p. (Paṇḍyā, Alpā Kauśika; Pandaya Alpa Kaushik) pref. (Alpa Pandya)</subfield>
  </datafield>
  <datafield tag="670" ind1=" " ind2=" ">
    <subfield code="a">Pandya, Alpa. Gujarat road atlas, c1999:</subfield>
    <subfield code="b">t.p. (Alpa Pandya)</subfield>
  </datafield>
</record>